@online{spice,
    author = "Phyllis R. Nelson",
    title = "{Introduction to spice source files}",
    journal = "",
    volume = "",
    number = "",
    pages = "",
    year = "",
    DOI = "https://www.cpp.edu/~prnelson/courses/ece220/220-spice-notes.pdf",
    keywords = "NetList"
}

@article{parse,
author = {Shankar, Archana and Gilbert, David and Jampel, Michael},
year = {1996},
month = {10},
pages = {},
title = {Transient Analysis and Synthesis of Linear Circuits using Constraint Logic Programming}
}