@online{spice,
    author = "Phyllis R. Nelson",
    title = "{Introduction to spice source files}",
    journal = "",
    volume = "",
    number = "",
    pages = "",
    year = "",
    DOI = "https://www.cpp.edu/~prnelson/courses/ece220/220-spice-notes.pdf",
    keywords = "NetList"
}

@article{parse,
author = {Shankar, Archana and Gilbert, David and Jampel, Michael},
year = {1996},
month = {10},
pages = {},
title = {Transient Analysis and Synthesis of Linear Circuits using Constraint Logic Programming}
}

@online{nodeanalysis,
    author = "Professor Erik Cheever",
    title = {Analysis of Circuits},
    year = "2005 - 2019",
    DOI = "https://lpsa.swarthmore.edu/Systems/Electrical/mna/MNA1.html",

}

@techreport{Quarles:M89/44,
    Author = {Quarles, T.},
    Title = {The SPICE3 Implementation Guide},
    Institution = {EECS Department, University of California, Berkeley},
    Year = {1989},
    Month = {Apr},
    URL = {http://www2.eecs.berkeley.edu/Pubs/TechRpts/1989/1218.html},
    Number = {UCB/ERL M89/44},
    Abstract = {This memo is one of six containing the text of the Ph.D. dissertation
Analysis of Performance and Convergence Issues for Circuit
Simulation.  This memo was originally Appendices B and C of the 
dissertation and provides a detailed description of the data
structures and subroutines which make up the SPICE3 program.
This version describes the internal details of SPICE3, version 3C1.}