@online{spice,
    author = "Phyllis R. Nelson",
    title = "{Introduction to spice source files}",
    journal = "",
    volume = "",
    number = "",
    pages = "",
    year = "",
    DOI = "https://www.cpp.edu/~prnelson/courses/ece220/220-spice-notes.pdf",
    keywords = "NetList"
}
